@article{marx2006precoloring,
  title={Precoloring extension on unit interval graphs},
  author={Marx, D.},
  journal={Discrete Applied Mathematics},
  volume={154},
  number={6},
  pages={995--1002},
  year={2006},
  publisher={Elsevier}
}
    
@article{bogart1999short,
  title={A short proof that ‘proper= unit’},
  author={Bogart, K. P. and West, D. B.},
  journal={Discrete Mathematics},
  volume={201},
  number={1},
  pages={21--23},
  year={1999},
  publisher={Elsevier}
}
    
@book{blazewicz_handbook_2007,
	edition = {1},
	title = {Handbook on Scheduling: From Theory to Applications},
	isbn = {3540280464},
	shorttitle = {Handbook on Scheduling},
	publisher = {Springer},
	author = {Blazewicz, J. and E., Klaus H. and Pesch, E. and Schmidt, G. and Weglarz, J.},
	month = jul,
	year = {2007}
}

@Article{graham,
  author = {Graham, R.L. and Lawler, E.L. and Lenstra, J.K. and Rinnooy Kan, A.H.G.},
  title = {Optimization and Approximation in Deterministic Sequencing and Scheduling Theory: a Survey},
  journal = {Annals of Discrete Mathematics},
  year = 1979,
  volume = 5,
  pages = {287--326}
}

@Book{blazewicz,
  author = {B\l a\.zewicz, J. and Ecker, K.H. and Pesch, E. and Schmidt, G. and W\c{e}glarz, J.},
  title = {Scheduling Computer and Manufacturing Processes},
  publisher = {Springer-Verlag},
  year = 1996
}

@article{golumbicalgorithmic,
  title={Algorithmic Graph Theory and Perfect Graphs},
  year={1980},
  author={Golumbic, Martin C},
  journal={Academic, New York}
}

@misc{ford1962network,
  title={Flows in Networks},
  author={Ford Jr, L.R. and Fulkerson, D.R.},
  year={1962},
  publisher={Princeton, NJ: Princeton University Press}
}

@book{gupta_optimal_1978,
	title = {An Optimal Solution for the Channel-assignment Problem},
	language = {en},
	publisher = {Northwestern University, Department of Electrical Engineering and Computer Science},
	author = {Gupta, U.I. and Lee, D.T. and Leung, J.Y.T.},
	year = {1978}
}

@article{dekel1983parallel,
  title={Parallel scheduling algorithms},
  author={Dekel, Eliezer and Sahni, Sartaj},
  journal={Operations Research},
  volume={31},
  number={1},
  pages={24--49},
  year={1983},
}

@article{arkin_scheduling_1987,
	title = {Scheduling Jobs with Fixed Start and End Times},
	volume = {18},
	url = {http://www.sciencedirect.com/science/article/pii/0166218X87900370},
	number = {1},
	urldate = {2013-02-19},
	journal = {Discrete Applied Mathematics},
	author = {Arkin, E.M. and Silverberg, E.B.},
	year = {1987},
	keywords = {Clique, graph coloring, interval graphs, {NP-complete}, perfect graphs, scheduling problems, shortest paths},
}

@article{bhatia2003algorithmic,
  title={Algorithmic Aspects of Bandwidth Trading},
  author={Bhatia, R. and Chuzhoy, J. and Freund, A. and Naor, J.},
  journal={Automata, Languages and Programming},
  pages={193--193},
  year={2003},
  publisher={Springer}
}

@article{kroon1995exact,
  title={Exact and Approximation Algorithms for the Operational Fixed Interval Scheduling Problem},
  author={Kroon, L.G. and Salomon, M. and Van Wassenhove, L.N.},
  journal={European Journal of Operational Research},
  volume={82},
  number={1},
  pages={190--205},
  year={1995},
  publisher={Elsevier}
}

@article{gabrel1995scheduling,
  title={Scheduling Jobs within Time Windows on Identical Parallel Machines: New Model and Algorithms},
  author={Gabrel, V.},
  journal={European Journal of Operational Research},
  volume={83},
  number={2},
  pages={320--329},
  year={1995},
  publisher={Elsevier}
}

@article{papadimitriou1982private,
  title={Private Communication to J.K. Lenstra},
  author={Papadimitriou, C.H.},
  journal={April},
  volume={25},
  year={1982}
}

@article{kolen2007interval,
  title={Interval Scheduling: A Survey},
  author={Kolen, A.W.J. and Lenstra, J.K. and Papadimitriou, C.H. and Spieksma, F.C.R.},
  journal={Naval Research Logistics (NRL)},
  volume={54},
  number={5},
  pages={530--543},
  year={2007},
  publisher={Wiley Online Library}
}
