@article{Kar72,
  author = {R. Karp},
  booktitle = {Complexity of Computer Computations},
  editor = {R. Miller and J. Thatcher},
  pages = {85--103},
  publisher = {Plenum Press},
  title = {Reducibility among combinatorial problems},
  year = 1972
}
