@book{klo94,
  author    = {Ton Kloks},
  title     = {Treewidth, Computations and Approximations},
  publisher = {Springer},
  series    = {Lecture Notes in Computer Science},
  volume    = {842},
  year      = {1994},
  isbn      = {3-540-58356-4},
  ee        = {http://dx.doi.org/10.1007/BFb0045375},
  bibsource = {DBLP, http://dblp.uni-trier.de}
}

@incollection{karp,
    author = {Karp, R. M.},
    booktitle = {Complexity of Computer Computations},
    citeulike-article-id = {1923170},
    editor = {Miller, R. E. and Thatcher, J. W.},
    keywords = {bibtex-import, file-import-09-01-22},
    pages = {85--103},
    posted-at = {2007-11-15 16:43:57},
    priority = {2},
    publisher = {Plenum Press},
    title = {{Reducibility Among Combinatorial Problems}},
    year = {1972}
}

@article{robalgorithmic,
    author = {Robertson, N. and Seymour, P. D.},
    journal = {Journal Algorithms},
    keywords = {tree-width},
    pages = {309--322},
    posted-at = {2006-06-15 02:09:50},
    priority = {2},
    title = {{Graph minors {II}: algorithmic aspects of tree-width}},
    volume = {7},
    year = {1986}
}

@article{Arn87,
 author = {Arnborg, S. and Corneil, D. G. and Proskurowski, A.},
 title = {Complexity of finding embeddings in a k-tree},
 journal = {SIAM J. Algebraic Discrete Methods},
 issue_date = {April 1, 1987},
 volume = {8},
 number = {2},
 month = apr,
 year = {1987},
 issn = {0196-5212},
 pages = {277--284},
 numpages = {8},
 url = {http://dx.doi.org/10.1137/0608024},
 doi = {10.1137/0608024},
 acmid = {37183},
 publisher = {Society for Industrial and Applied Mathematics},
 address = {Philadelphia, PA, USA},
} 
