@article{marx2006precoloring,
  title={Precoloring extension on unit interval graphs},
  author={Marx, D.},
  journal={Discrete Applied Mathematics},
  volume={154},
  number={6},
  pages={995--1002},
  year={2006},
  publisher={Elsevier}
}
